<record><leader>00000cas a22000007a 4500</leader><controlfield tag="001">706136427</controlfield><controlfield tag="008">110308c20119999ncuwr n       0   a0eng  </controlfield><controlfield tag="009">466</controlfield><datafield ind1=" " ind2=" " tag="010"><subfield code="a">  2011204393</subfield></datafield><datafield ind1=" " ind2=" " tag="040"><subfield code="a">DLC</subfield><subfield code="b">eng</subfield><subfield code="c">DLC</subfield><subfield code="d">DLC</subfield></datafield><datafield ind1=" " ind2=" " tag="012"><subfield code="m">1</subfield></datafield><datafield ind1="0" ind2=" " tag="022"><subfield code="a">2160-3235</subfield><subfield code="y">0746-2654</subfield><subfield code="2">1</subfield></datafield><datafield ind1=" " ind2=" " tag="032"><subfield code="a">337490</subfield><subfield code="b">USPS</subfield></datafield><datafield ind1=" " ind2=" " tag="037"><subfield code="b">Polk County News Journal, P.O. Box 576, Columbus, NC 28722-0576</subfield></datafield><datafield ind1=" " ind2=" " tag="042"><subfield code="a">nsdp</subfield><subfield code="a">pcc</subfield></datafield><datafield ind1="1" ind2="0" tag="050"><subfield code="a">ISSN RECORD</subfield></datafield><datafield ind1="1" ind2="0" tag="082"><subfield code="a">070</subfield><subfield code="2">14</subfield></datafield><datafield ind1=" " ind2="0" tag="222"><subfield code="a">Polk County news journal</subfield></datafield><datafield ind1="0" ind2="0" tag="245"><subfield code="a">Polk County news journal.</subfield></datafield><datafield ind1=" " ind2=" " tag="260"><subfield code="a">Columbus, NC :</subfield><subfield code="b">Polk County News Journal</subfield></datafield><datafield ind1=" " ind2=" " tag="310"><subfield code="a">Weekly</subfield></datafield><datafield ind1="1" ind2=" " tag="362"><subfield code="a">Began with vol. 15, no. 5 (Feb. 1, 2011)?</subfield></datafield><datafield ind1=" " ind2=" " tag="588"><subfield code="a">Description based on: Vol. 15, no. 5 (Feb. 1, 2011) (surrogate); title from caption.</subfield></datafield><datafield ind1="0" ind2="0" tag="780"><subfield code="t">Thermal belt news journal</subfield><subfield code="x">0746-2654</subfield><subfield code="w">(DLC)sn 83008840</subfield><subfield code="w">(OCoLC)9898481</subfield></datafield></record>